@misc{bib:assembler,
	author = {{Wikipedia}},
	title = {{Assemblersprache}},
	howpublished = {\url{https://de.wikipedia.org/wiki/Assemblersprache}},
	note = {Datum: 20.06.2017}
}

@book{bib:assembler_book,
	author = {Dieterich, Ernst-Wolfgang},
	title = {Assembler: Grundlagen der PC-Programmierung},
	year = {2005},
	publisher = {Oldenbourg Wissenschaftsverlag GmbH},
	note = {S.2}
}

@misc{bib:mcu,
	author = {{Xtronic}},
	title = {{Download MCU 8051 IDE integrated development enviroment for 8051}},
	howpublished = {\url{https://xtronic.org/download/microcontroller/mcu-8051-ide-microcontrollers-development/}},
	note = {Datum: 20.06.2017}
}

@misc{bib:8051,
	author = {{Tutorialspoint}},
	title = {{Embedded Systems - 8051 Microcontroller}},
	howpublished = {\url{https://www.tutorialspoint.com/embedded_systems/es_microcontroller.htm}},
	note = {Datum: 20.06.2017}
}

@misc{bib:8051_2,
	author = {{Mikrocontroller.net}},
	title = {{8051}},
	howpublished = {\url{https://www.mikrocontroller.net/articles/8051}},
	note = {Datum: 20.06.2017}
}